<?xml version='1.0' encoding='UTF-8'?>
<record xmlns="http://www.loc.gov/MARC21/slim">
  <leader>01578cam a2200289 a 4500</leader>
  <controlfield tag="001">2428494</controlfield>
  <controlfield tag="003">NjP</controlfield>
  <controlfield tag="005">20170815174614.0</controlfield>
  <controlfield tag="008">990708q19901998ir       b    000 0 ara d</controlfield>
  <datafield tag="024" ind1="7" ind2=" ">
    <subfield code="a">princeton_aco002487</subfield>
    <subfield code="2">local</subfield>
  </datafield>
  <datafield ind1=" " ind2=" " tag="035">
    <subfield code="a">(OCoLC)41893740</subfield>
  </datafield>
  <datafield ind1=" " ind2=" " tag="035">
    <subfield code="a">(CStRLIN)NJPG99-B34880</subfield>
  </datafield>
  <datafield ind1=" " ind2=" " tag="035">
    <subfield code="9">CLJ3613TS</subfield>
  </datafield>
  <datafield ind1=" " ind2=" " tag="040">
    <subfield code="a">NjP</subfield>
    <subfield code="c">NjP</subfield>
  </datafield>
  <datafield ind1="1" ind2=" " tag="100">
    <subfield code="a">Muḥaqqiq al-Ḥillī, Jaʻfar ibn al-Ḥasan,</subfield>
    <subfield code="d">1205 or 1206-1277.</subfield>
    <subfield code="0">http://id.loc.gov/authorities/names/n88259632</subfield>
  </datafield>
  <datafield ind1="1" ind2="0" tag="245">
    <subfield code="a">Risālat tayāsur al-qiblah /</subfield>
    <subfield code="c">lil-faqīh al-akbar al-Muḥaqqiq al-Ḥillī ; maʻa al-ishārah ilá naẓarīyāt Naṣīr al-Dīn al-Ṭūsī. Wa-yalīhā, Fāʼidah fī bayān sirr istiḥbāb al-tayāsur / lil-faqīh al-kabīr ʻAlī al-Gharawī al-ʻAlīyārī.</subfield>
  </datafield>
  <datafield ind1=" " ind2=" " tag="260">
    <subfield code="a">[Iran? :</subfield>
    <subfield code="b">s.n.,</subfield>
    <subfield code="c">199-?]</subfield>
  </datafield>
  <datafield ind1=" " ind2=" " tag="300">
    <subfield code="a">18 p. ;</subfield>
    <subfield code="c">24 cm.</subfield>
  </datafield>
  <datafield ind1=" " ind2=" " tag="500">
    <subfield code="a">Cover title.</subfield>
  </datafield>
  <datafield ind1=" " ind2=" " tag="504">
    <subfield code="a">Includes bibliographical references.</subfield>
  </datafield>
  <datafield ind1=" " ind2="0" tag="650">
    <subfield code="a">Qiblah.</subfield>
    <subfield code="0">http://id.loc.gov/authorities/subjects/sh85109401</subfield>
  </datafield>
  <datafield ind1="1" ind2="0" tag="600">
    <subfield code="a">Muḥaqqiq al-Ḥillī, Jaʻfar ibn al-Ḥasan,</subfield>
    <subfield code="d">1205 or 1206-1277.</subfield>
    <subfield code="t">Risālat tayāsur al-qiblah.</subfield>
  </datafield>
  <datafield ind1="1" ind2=" " tag="700">
    <subfield code="a">Ṭūsī, Naṣīr al-Dīn Muḥammad ibn Muḥammad,</subfield>
    <subfield code="d">1201-1274.</subfield>
    <subfield code="0">http://id.loc.gov/authorities/names/n82136884</subfield>
  </datafield>
  <datafield ind1="2" ind2="2" tag="700">
    <subfield code="a">Gharawī al-Tabrīzī, Mīrzā ʻAlī.</subfield>
    <subfield code="t">Fāʼidah fī bayān sirr istiḥbāb al-tayāsur.</subfield>
  </datafield>
  <datafield ind1="0" ind2=" " tag="740">
    <subfield code="a">Fāʼidah fī bayān sirr istiḥbāb al-tayāsur.</subfield>
  </datafield>
  <datafield ind1=" " ind2=" " tag="998">
    <subfield code="a">07/08/99</subfield>
    <subfield code="s">9114</subfield>
    <subfield code="n">NjP</subfield>
    <subfield code="d">07/08/99</subfield>
    <subfield code="c">JEB</subfield>
    <subfield code="b">JEB</subfield>
    <subfield code="i">990708</subfield>
    <subfield code="l">NJPG</subfield>
  </datafield>
  <datafield ind1=" " ind2=" " tag="911">
    <subfield code="a">19990715</subfield>
  </datafield>
  <datafield ind1=" " ind2=" " tag="912">
    <subfield code="a">19990708000000.0</subfield>
  </datafield>
  <datafield ind1="0" ind2="0" tag="852">
    <subfield code="0">2724659</subfield>
    <subfield code="b">nec</subfield>
    <subfield code="t">1</subfield>
    <subfield code="h">KBP370.M84</subfield>
    <subfield code="i">A37 1990z</subfield>
  </datafield>
  <datafield ind1=" " ind2=" " tag="959">
    <subfield code="a">2000-06-13 00:00:00 -0500</subfield>
  </datafield>
</record>
